@article{arnold,
	author =       "Jakub PostÄ™pski",
	title =        "{Praca z kontenerami Dockera dla Lego Mindstorms EV3}"
}

@misc{ lego,
	title = {Lego Mindstorms EV3},
	howpublished = {\url{https://www.lego.com/pl-pl/mindstorms}},
	note = {Online; accessed 22-March-2018}
}

@misc{ ev3,
	title = {Ev3dev website},
	howpublished = {\url{http://www.ev3dev.org/}},
	note = {Online; accessed 22-March-2018}
}

@misc{ docker,
	title = {Docker website},
	howpublished = {\url{https://www.docker.com/}},
	note = {Online; accessed 22-March-2018}
}

@misc{ brickstrap,
	title = {Brickstrap github},
	howpublished = {\url{https://github.com/ev3dev/brickstrap}},
	note = {Online; accessed 22-March-2018}
}

